@article{DBLP:journals/iotj/CasadeiFPPSV22,
  author       = {Roberto Casadei and
                  Giancarlo Fortino and
                  Danilo Pianini and
                  Andrea Placuzzi and
                  Claudio Savaglio and
                  Mirko Viroli},
  title        = {A Methodology and Simulation-Based Toolchain for Estimating Deployment
                  Performance of Smart Collective Services at the Edge},
  journal      = {{IEEE} Internet Things J.},
  volume       = {9},
  number       = {20},
  pages        = {20136--20148},
  year         = {2022},
  url          = {https://doi.org/10.1109/JIOT.2022.3172470},
  doi          = {10.1109/JIOT.2022.3172470},
  timestamp    = {Thu, 27 Jul 2023 08:17:54 +0200},
  biburl       = {https://dblp.org/rec/journals/iotj/CasadeiFPPSV22.bib},
  bibsource    = {dblp computer science bibliography, https://dblp.org}
}

@article{DBLP:journals/fi/CasadeiPPVW20,
  author       = {Roberto Casadei and
                  Danilo Pianini and
                  Andrea Placuzzi and
                  Mirko Viroli and
                  Danny Weyns},
  title        = {Pulverization in Cyber-Physical Systems: Engineering the Self-Organizing
                  Logic Separated from Deployment},
  journal      = {Future Internet},
  volume       = {12},
  number       = {11},
  pages        = {203},
  year         = {2020},
  url          = {https://doi.org/10.3390/fi12110203},
  doi          = {10.3390/FI12110203},
  timestamp    = {Thu, 16 Sep 2021 18:02:50 +0200},
  biburl       = {https://dblp.org/rec/journals/fi/CasadeiPPVW20.bib},
  bibsource    = {dblp computer science bibliography, https://dblp.org}
}

@article{DBLP:journals/access/MoreschiniPLNHT22,
  author       = {Sergio Moreschini and
                  Fabiano Pecorelli and
                  Xiaozhou Li and
                  Sonia Naz and
                  David H{\"{a}}stbacka and
                  Davide Taibi},
  title        = {Cloud Continuum: The Definition},
  journal      = {{IEEE} Access},
  volume       = {10},
  pages        = {131876--131886},
  year         = {2022},
  url          = {https://doi.org/10.1109/ACCESS.2022.3229185},
  doi          = {10.1109/ACCESS.2022.3229185},
  timestamp    = {Tue, 31 Jan 2023 20:44:07 +0100},
  biburl       = {https://dblp.org/rec/journals/access/MoreschiniPLNHT22.bib},
  bibsource    = {dblp computer science bibliography, https://dblp.org}
}

@article{DBLP:journals/computer/BealPV15,
  author       = {Jacob Beal and
                  Danilo Pianini and
                  Mirko Viroli},
  title        = {Aggregate Programming for the Internet of Things},
  journal      = {Computer},
  volume       = {48},
  number       = {9},
  pages        = {22--30},
  year         = {2015},
  url          = {https://doi.org/10.1109/MC.2015.261},
  doi          = {10.1109/MC.2015.261},
  timestamp    = {Wed, 12 Aug 2020 10:31:37 +0200},
  biburl       = {https://dblp.org/rec/journals/computer/BealPV15.bib},
  bibsource    = {dblp computer science bibliography, https://dblp.org}
}

@inproceedings{DBLP:conf/birthday/BucchiaroneM19,
  author       = {Antonio Bucchiarone and
                  Marina Mongiello},
  editor       = {Maurice H. ter Beek and
                  Alessandro Fantechi and
                  Laura Semini},
  title        = {Ten Years of Self-adaptive Systems: From Dynamic Ensembles to Collective
                  Adaptive Systems},
  booktitle    = {From Software Engineering to Formal Methods and Tools, and Back -
                  Essays Dedicated to Stefania Gnesi on the Occasion of Her 65th Birthday},
  series       = {Lecture Notes in Computer Science},
  volume       = {11865},
  pages        = {19--39},
  publisher    = {Springer},
  year         = {2019},
  url          = {https://doi.org/10.1007/978-3-030-30985-5\_3},
  doi          = {10.1007/978-3-030-30985-5\_3},
  timestamp    = {Fri, 27 Mar 2020 08:59:04 +0100},
  biburl       = {https://dblp.org/rec/conf/birthday/BucchiaroneM19.bib},
  bibsource    = {dblp computer science bibliography, https://dblp.org}
}

@article{DBLP:journals/csur/WeisenburgerWS20,
  author       = {Pascal Weisenburger and
                  Johannes Wirth and
                  Guido Salvaneschi},
  title        = {A Survey of Multitier Programming},
  journal      = {{ACM} Comput. Surv.},
  volume       = {53},
  number       = {4},
  pages        = {81:1--81:35},
  year         = {2021},
  url          = {https://doi.org/10.1145/3397495},
  doi          = {10.1145/3397495},
  timestamp    = {Sun, 19 Jan 2025 13:56:50 +0100},
  biburl       = {https://dblp.org/rec/journals/csur/WeisenburgerWS20.bib},
  bibsource    = {dblp computer science bibliography, https://dblp.org}
}